<?xml version="1.0" encoding="UTF-8"?>
<collection xmlns:xsi="http://www.w3.org/2001/XMLSchema-instance" xsi:schemaLocation="http://www.loc.gov/MARC21/slim http://www.loc.gov/standards/marcxml/schema/MARC21slim.xsd" xmlns="http://www.loc.gov/MARC21/slim">
<record>
  <leader>00733cam a22002171  4500</leader>
  <controlfield tag="001">2683156</controlfield>
  <controlfield tag="003">NNC</controlfield>
  <controlfield tag="005">20151019143131.0</controlfield>
  <controlfield tag="008">000925s1895    ua ae         000 0 ara d</controlfield>
  <datafield tag="035" ind1=" " ind2=" ">
    <subfield code="a">(OCoLC)122827075</subfield>
  </datafield>
  <datafield tag="035" ind1=" " ind2=" ">
    <subfield code="a">(OCoLC)ocn122827075</subfield>
  </datafield>
  <datafield tag="035" ind1=" " ind2=" ">
    <subfield code="9">ARD2642CU</subfield>
  </datafield>
  <datafield tag="035" ind1=" " ind2=" ">
    <subfield code="a">(NNC)2683156</subfield>
  </datafield>
  <datafield tag="040" ind1=" " ind2=" ">
    <subfield code="a">ZCU</subfield>
    <subfield code="c">ZCU</subfield>
  </datafield>
  <datafield tag="099" ind1=" " ind2=" ">
    <subfield code="a">961</subfield>
    <subfield code="a">N14</subfield>
  </datafield>
  <datafield tag="100" ind1="1" ind2=" ">
    <subfield code="a">Nijīb, Aḥmad.</subfield>
  </datafield>
  <datafield tag="245" ind1="1" ind2="0">
    <subfield code="a">Kitāb al-Āthār al-jalīl li-qudamāʾ Wādī al-Nīl,</subfield>
    <subfield code="c">taʾlīf Aḥmad Afandī Najib̄ (mufattish wa-amīn ʻumūm al-āthār al-Miṣrīyah)</subfield>
  </datafield>
  <datafield tag="250" ind1=" " ind2=" ">
    <subfield code="a">al-Ṭabʻah al-2.</subfield>
  </datafield>
  <datafield tag="260" ind1=" " ind2=" ">
    <subfield code="a">Būlāq,</subfield>
    <subfield code="b">al-Maṭbaʻah al-Kubrā al-Amīrīyah,</subfield>
    <subfield code="c">1313 h., 1895 m.</subfield>
  </datafield>
  <datafield tag="300" ind1=" " ind2=" ">
    <subfield code="a">393 p.</subfield>
    <subfield code="b">illus., plans (part fold.)</subfield>
  </datafield>
  <datafield tag="955" ind1=" " ind2=" ">
    <subfield code="b">0035682981</subfield>
    <subfield code="d">glx</subfield>
    <subfield code="e">961 N14</subfield>
  </datafield>
</record>
</collection>